% Keep in alphabetical order
% Organise it!
%
%CCC
@inproceedings{cai2002scalable,
	title		= {A scalable architecture for supporting interactive games on the internet},
	author		= {Cai, Wentong and Xavier, Percival and Turner, Stephen J and Lee, Bu-Sung},
	booktitle	= {Proceedings of the sixteenth workshop on Parallel and distributed simulation},
	pages		= {60--67},
	year		= {2002},
	organization	= {IEEE Computer Society}
}


%HHH
@Book{Hebb,
	author 		= {D. Hebb},
	title 		= {The Organization of Behavior},
	year		= {1949},
	publisher	= {John Wiley and Sons}
}

@article{huyck2013compensatory,
	title		= {Compensatory hebbian learning for categorisation in simulated biological neural nets},
	author		= {Huyck, Christian R and Mitchell, Ian G},
	journal		= {Biologically Inspired Cognitive Architectures},
	volume		= {6},
	pages		= {3--7},
	year		= {2013},
	publisher	= {Elsevier}
}


%LLL
@misc{id1,
	author 		= {Latex-Tutorial},
	title 		= { \LaTeX\ Tutorials}, 
	howpublished	= {\href{https://www.latex-tutorial.com/tutorials/}{\color{blue}{LaTeX Tutorial}}},
	note		= {Accessed: February 2017},
}

%MMM
@book{mckemmish1999forensic,
	title		= {What is forensic computing?},
	author		= {McKemmish, Rodney},
	year		= {1999},
	publisher	= {Australian Institute of Criminology Canberra}
}

@misc{mitchell:2017,
	author 		= {Mitchell, Ian },
	title 		= {Private {COMMUNICATION}},
	year 		= {2017},
	month 		= {Jan},
	note 		= {[sent on 23/01/2016]}
}

% Normally, in author section provide
% family name and then a comma followed by given Name
@article{mallah:2017,
	title 		= {Distributed VANET},
	author		= {Mallah, Ranwa},
	journal 	= {IEEE Trans},
	month		= {Jan},
	year		= {2017},
	pages		= {1-8},
	volume		= {PP},
	number		= {99},
	doi		= {10.1109/TX}
}

% subtle differences
% here author is spelt out and IEEEtranS
% works this out since there are no commas
% between family name and given Name
@article{minsky1969perceptrons,
	title		= {Perceptrons},
	author		= {Marvin Minsky and Seymour A. Papert},
	journal		= {Cambridge, MA: MIT Press},
	volume		= {6},
	number		= {318-362},
	pages		= {7},
	year		= {1969}
}


%RRR
% multiple authors are separated by "and"
@article{rumelhart1988learning,
	title		= {Learning representations by back-propagating errors},
	author		= {Rumelhart, David E and Hinton, Geoffrey E and Williams, Ronald J},
	journal		= {Cognitive modeling},
	volume		= {5},
	number		= {3},
	pages		= {1},
	year		= {1988}
}



@article{rosenblatt1958perceptron,
	title		= {The perceptron: a probabilistic model for information storage and organization in the brain.},
	author		= {Rosenblatt, Frank},
	journal		= {Psychological review},
	volume		= {65},
	number		= {6},
	pages		= {386},
	year		= {1958},
	publisher	= {American Psychological Association}
}

%ZZZ
@inproceedings{zhuang2001bayeux,
	title		= {Bayeux: An architecture for scalable and fault-tolerant wide-area data dissemination},
	author		= {Zhuang, Shelley Q and Zhao, Ben Y and Joseph, Anthony D and Katz, Randy H and Kubiatowicz, John D},
	booktitle	= {Proceedings of the 11th international workshop on Network and operating systems support for digital audio and video},
	pages		= {11--20},
	year		= {2001},
	organization	= {ACM}
}
